@Book{Heath1981,
  author    = {Heath, Thomas L.},
  title     = {A History of Greek Mathematics},
  edition   = {2nd},
  publisher = {Dover Publications},
  address   = {New York},
  year      = {1981},
}

@Book{Pappus1893,
  author    = {Pappus of Alexandria},
  title     = {Pappi Alexandrini Collectionis libri VIII},
  editor    = {Hultsch, Friedrich},
  publisher = {B.\,G. Teubner},
  address   = {Leipzig},
  year      = {1893-1898},
}

@Book{Romanus1596,
  author    = {Romanus, Adrianus},
  title     = {Problema Apolloniacum: Quo datis tribus circulis, quaeritur quartus eos contingens},
  publisher = {Typographia Georgii Fleischmanni},
  address   = {Louvain},
  year      = {1596},
}

@Book{Viete1646,
  author    = {Vieta, Franciscus},
  title     = {Opera Mathematica in unum volumen congesta},
  editor    = {van Schooten, Frans},
  publisher = {Henricus et Henricus Moretus},
  address   = {Antwerp},
  year      = {1646},
}

@Book{Newton1687,
  author    = {Newton, Isaac},
  title     = {Philosophi{\ae} Naturalis Principia Mathematica},
  publisher = {Royal Society},
  address   = {London},
  year      = {1687},
}

@Article{Gergonne1814,
  author  = {Gergonne, Joseph Diez},
  title   = {Note sur le probl{\`e}me des cercles tangents},
  journal = {Annales de math{\'e}matiques pures et appliqu{\'e}es},
  volume  = {5},
  year    = {1814},
  pages   = {30--42},
}

@Article{Lie1897,
  author  = {Lie, Sophus},
  title   = {Zur Theorie der Kreisgruppen. Erster Teil},
  journal = {Mathematische Annalen},
  volume  = {49},
  number  = {1},
  year    = {1897},
  pages   = {71--121},
}

@Article{Descartes1643,
  author  = {Descartes, Ren{\'e}},
  title   = {D{\'e}termination des cercles dont les superficies sont quadruples entre elles},
  journal = {Journal des Savants},
  year    = {1643},
  pages   = {125--129},
}

@Article{Soddy1936,
  author  = {Soddy, Frederick},
  title   = {The Kiss Precise},
  journal = {Nature},
  volume  = {137},
  number  = {3461},
  year    = {1936},
  pages   = {716},
}

@Article{Ford1938,
  author  = {Ford, L. J.},
  title   = {Fractions},
  journal = {American Mathematical Monthly},
  volume  = {45},
  number  = {9},
  year    = {1938},
  pages   = {586--601},
}

@Article{HardyLittlewood1920,
  author  = {Hardy, G. H. and Littlewood, J. E.},
  title   = {Some problems of ``Partitio Numerorum.'' III. On the expression of a number as a sum of primes},
  journal = {Acta Mathematica},
  volume  = {44},
  year    = {1920},
  pages   = {1--70},
}

@misc{mckean2022circlesapolloniusways,
      title={Circles of Apollonius two ways}, 
      author={Stephen McKean},
      year={2022},
      eprint={2210.13288},
      archivePrefix={arXiv},
      primaryClass={math.AG},
      url={https://arxiv.org/abs/2210.13288}, 
}